@online{axelar-whitepaper,
  title={Axelar Network: Connecting Applications with Blockchain Ecosystems},
  author={Axelar Network},
  year={2021},
  month={Jan}
}

@misc{infura,
    author = {Olga Kharif},
    title = {Key Player In Ethereum Infrastructure Infura Rejects Centralization Claim},
    url = {https://web.archive.org/web/20220916163344/https://www.bloomberg.com/news/articles/2022-09-16/ethereum-infrastructure-firm-infura-plans-decentralized-service},
    year = {2022}
}

@misc{sync-committee,
    author = {Ethereum},
    title = {Minimal Light Client},
    url = {https://github.com/ethereum/annotated-spec/blob/master/altair/sync-protocol.md},
    year = {2023}
}

@misc{sync-committee-incentives,
    author = {Ben Edgington},
    title = {Upgrading Ethereum: A technical handbook on Ethereum's move to proof of stake and beyond},
    url = {https://eth2book.info/capella/part2/incentives/penalties/},
    year = {2023}
}

@article{buterin2017casper,
  author = {Buterin, Vitalik and Griffith, Virgil},
  journal = {arXiv preprint arXiv:1710.09437},
  title = {Casper the friendly finality gadget},
  year = {2017}
}

@inproceedings{zkbridge,
    author = "Xie, Tiancheng and Zhang, Jiaheng and Cheng, Zerui and Zhang, Fan and Zhang, Yupeng and Jia, Yongzheng and Boneh, Dan and Song, Dawn",
    title = "zkBridge: Trustless Cross-chain Bridges Made Practical",
    booktitle = "{CCS}",
    pages = "3003--3017",
    publisher = "{ACM}",
    year = "2022",
    biburl = "https://dblp.org/rec/conf/ccs/XieZCZ0JBS22.bib"
}

